@article{Banks:1996vh,
    author = "Banks, Tom and Fischler, W. and Shenker, S. H. and Susskind, Leonard",
    title = "{M theory as a matrix model: A Conjecture}",
    eprint = "hep-th/9610043",
    archivePrefix = "arXiv",
    reportNumber = "RU-96-95, SU-ITP-96-12, UTTG-13-96",
    doi = "10.1103/PhysRevD.55.5112",
    journal = "Phys. Rev. D",
    volume = "55",
    pages = "5112--5128",
    year = "1997"
}

@article{Cremmer:1978km,
    author = "Cremmer, E. and Julia, B. and Scherk, Joel",
    title = "{Supergravity Theory in Eleven-Dimensions}",
    reportNumber = "LPTENS-78-10",
    doi = "10.1016/0370-2693(78)90894-8",
    journal = "Phys. Lett. B",
    volume = "76",
    pages = "409--412",
    year = "1978"
}


@article{Polchinski:1999br,
    author = "Polchinski, Joseph",
    editor = "Iso, S. and Kawai, H. and Natsuume, M.",
    title = "{M theory and the light cone}",
    eprint = "hep-th/9903165",
    archivePrefix = "arXiv",
    reportNumber = "NSF-ITP-99-17",
    doi = "10.1143/PTPS.134.158",
    journal = "Prog. Theor. Phys. Suppl.",
    volume = "134",
    pages = "158--170",
    year = "1999"
}

@article{Maldacena:1997re,
	archiveprefix = {arXiv},
	author = {Maldacena, Juan Martin},
	doi = {10.1023/A:1026654312961},
	eprint = {hep-th/9711200},
	journal = {Adv. Theor. Math. Phys.},
	pages = {231--252},
	reportnumber = {HUTP-97-A097, HUTP-98-A097},
	title = {{The Large N limit of superconformal field theories and supergravity}},
	volume = {2},
	year = {1998},
	Bdsk-Url-1 = {https://doi.org/10.1023/A:1026654312961}
}

@article{Susskind:1994vu,
	archiveprefix = {arXiv},
	author = {Susskind, Leonard},
	doi = {10.1063/1.531249},
	eprint = {hep-th/9409089},
	journal = {J. Math. Phys.},
	pages = {6377--6396},
	reportnumber = {SU-ITP-94-33},
	title = {{The World as a hologram}},
	volume = {36},
	year = {1995},
	Bdsk-Url-1 = {https://doi.org/10.1063/1.531249}
}

@article{Aharony:1999ti,
	archiveprefix = {arXiv},
	author = {Aharony, Ofer and Gubser, Steven S. and Maldacena, Juan Martin and Ooguri, Hirosi and Oz, Yaron},
	doi = {10.1016/S0370-1573(99)00083-6},
	eprint = {hep-th/9905111},
	journal = {Phys. Rept.},
	pages = {183--386},
	reportnumber = {CERN-TH-99-122, HUTP-99-A027, LBNL-43113, RU-99-18, UCB-PTH-99-16, LBL-43113},
	title = {{Large N field theories, string theory and gravity}},
	volume = {323},
	year = {2000},
	Bdsk-Url-1 = {https://doi.org/10.1016/S0370-1573(99)00083-6}
}

@article{Witten:1998qj,
	archiveprefix = {arXiv},
	author = {Witten, Edward},
	doi = {10.4310/ATMP.1998.v2.n2.a2},
	eprint = {hep-th/9802150},
	journal = {Adv. Theor. Math. Phys.},
	pages = {253--291},
	reportnumber = {IASSNS-HEP-98-15},
	title = {{Anti-de Sitter space and holography}},
	volume = {2},
	year = {1998},
	Bdsk-Url-1 = {https://doi.org/10.4310/ATMP.1998.v2.n2.a2}
}

@article{Witten:1998zw,
    author = "Witten, Edward",
    editor = "Bergstrom, L. and Lindstrom, U.",
    title = "{Anti-de Sitter space, thermal phase transition, and confinement in gauge theories}",
    eprint = "hep-th/9803131",
    archivePrefix = "arXiv",
    reportNumber = "IASSNS-HEP-98-21",
    doi = "10.4310/ATMP.1998.v2.n3.a3",
    journal = "Adv. Theor. Math. Phys.",
    volume = "2",
    pages = "505--532",
    year = "1998"
}


@article{Hartnoll:2016apf,
	author = {Hartnoll, Sean A. and Lucas, Andrew and Sachdev, Subir},
	journal = {arXiv},
	month = {12},
	primaryclass = {hep-th},
	title = {{Holographic quantum matter}},
	volume = {1612.07324},
	year = {2016}
}

@article{Sachdev:2010ch,
    author = "Sachdev, Subir",
    title = "{Condensed Matter and AdS/CFT}",
    eprint = "1002.2947",
    archivePrefix = "arXiv",
    primaryClass = "hep-th",
    doi = "10.1007/978-3-642-04864-7_9",
    journal = "Lect. Notes Phys.",
    volume = "828",
    pages = "273--311",
    year = "2011"
}

@article{Jensen:2010em,
    author = "Jensen, Kristan",
    title = "{Chiral anomalies and AdS/CMT in two dimensions}",
    eprint = "1012.4831",
    archivePrefix = "arXiv",
    primaryClass = "hep-th",
    doi = "10.1007/JHEP01(2011)109",
    journal = "JHEP",
    volume = "01",
    pages = "109",
    year = "2011"
}


@book{Casalderrey-Solana:2011dxg,
	archiveprefix = {arXiv},
	author = {Casalderrey-Solana, Jorge and Liu, Hong and Mateos, David and Rajagopal, Krishna and Wiedemann, Urs Achim},
	doi = {10.1017/CBO9781139136747},
	eprint = {1101.0618},
	isbn = {978-1-139-13674-7},
	primaryclass = {hep-th},
	publisher = {Cambridge University Press},
	reportnumber = {CERN-PH-TH-2010-316, MIT-CTP-4198, ICCUB-10-202},
	title = {{Gauge/String Duality, Hot QCD and Heavy Ion Collisions}},
	year = {2014},
	Bdsk-Url-1 = {https://doi.org/10.1017/CBO9781139136747}
}

@article{Kim:2012ey,
	archiveprefix = {arXiv},
	author = {Kim, Youngman and Shin, Ik Jae and Tsukioka, Takuya},
	doi = {10.1016/j.ppnp.2012.09.002},
	eprint = {1205.4852},
	journal = {Prog. Part. Nucl. Phys.},
	pages = {55--112},
	primaryclass = {hep-ph},
	reportnumber = {APCTP-PRE2012-007},
	title = {{Holographic QCD: Past, Present, and Future}},
	volume = {68},
	year = {2013},
	Bdsk-Url-1 = {https://doi.org/10.1016/j.ppnp.2012.09.002}}

@article{Eberhardt:2019ywk,
	archiveprefix = {arXiv},
	author = {Eberhardt, Lorenz and Gaberdiel, Matthias R. and Gopakumar, Rajesh},
	doi = {10.1007/JHEP02(2020)136},
	eprint = {1911.00378},
	journal = {JHEP},
	pages = {136},
	primaryclass = {hep-th},
	title = {{Deriving the AdS$_{3}$/CFT$_{2}$ correspondence}},
	volume = {02},
	year = {2020},
	Bdsk-Url-1 = {https://doi.org/10.1007/JHEP02(2020)136}}

@article{Gaberdiel:2021qbb,
	archiveprefix = {arXiv},
	author = {Gaberdiel, Matthias R. and Gopakumar, Rajesh},
	doi = {10.1103/PhysRevLett.127.131601},
	eprint = {2104.08263},
	journal = {Phys. Rev. Lett.},
	number = {13},
	pages = {131601},
	primaryclass = {hep-th},
	title = {{String Dual to Free N=4 Supersymmetric Yang-Mills Theory}},
	volume = {127},
	year = {2021},
	Bdsk-Url-1 = {https://doi.org/10.1103/PhysRevLett.127.131601}
}

@article{Mathur:2005zp,
	archiveprefix = {arXiv},
	author = {Mathur, Samir D.},
	doi = {10.1002/prop.200410203},
	editor = {Kiritsis, E.},
	eprint = {hep-th/0502050},
	journal = {Fortsch. Phys.},
	pages = {793--827},
	title = {{The Fuzzball proposal for black holes: An Elementary review}},
	volume = {53},
	year = {2005},
	Bdsk-Url-1 = {https://doi.org/10.1002/prop.200410203}}

@article{Raju:2018xue,
    author = "Raju, Suvrat and Shrivastava, Pushkal",
    title = "{Critique of the fuzzball program}",
    eprint = "1804.10616",
    archivePrefix = "arXiv",
    primaryClass = "hep-th",
    doi = "10.1103/PhysRevD.99.066009",
    journal = "Phys. Rev. D",
    volume = "99",
    number = "6",
    pages = "066009",
    year = "2019"
}


@article{Anagnostopoulos:2007fw,
    author = "Anagnostopoulos, Konstantinos N. and Hanada, Masanori and Nishimura, Jun and Takeuchi, Shingo",
    title = "{Monte Carlo studies of supersymmetric matrix quantum mechanics with sixteen supercharges at finite temperature}",
    eprint = "0707.4454",
    archivePrefix = "arXiv",
    primaryClass = "hep-th",
    reportNumber = "RIKEN-TH-112, KEK-TH-1165",
    doi = "10.1103/PhysRevLett.100.021601",
    journal = "Phys. Rev. Lett.",
    volume = "100",
    pages = "021601",
    year = "2008"
}

@article{Hanada:2008ez,
    author = "Hanada, Masanori and Hyakutake, Yoshifumi and Nishimura, Jun and Takeuchi, Shingo",
    title = "{Higher derivative corrections to black hole thermodynamics from supersymmetric matrix quantum mechanics}",
    eprint = "0811.3102",
    archivePrefix = "arXiv",
    primaryClass = "hep-th",
    doi = "10.1103/PhysRevLett.102.191602",
    journal = "Phys. Rev. Lett.",
    volume = "102",
    pages = "191602",
    year = "2009"
}


@article{Maldacena:2018vsr,
    author = "Maldacena, Juan and Milekhin, Alexey",
    title = "{To gauge or not to gauge?}",
    eprint = "1802.00428",
    archivePrefix = "arXiv",
    primaryClass = "hep-th",
    doi = "10.1007/JHEP04(2018)084",
    journal = "JHEP",
    volume = "04",
    pages = "084",
    year = "2018"
}


@article{Claudson:1984th,
    author = "Claudson, Mark and Halpern, Martin B.",
    title = "{Supersymmetric Ground State Wave Functions}",
    reportNumber = "UCB-PTH-84-10",
    doi = "10.1016/0550-3213(85)90500-0",
    journal = "Nucl. Phys. B",
    volume = "250",
    pages = "689--715",
    year = "1985"
}


@article{deWit:1988wri,
    author = "de Wit, B. and Hoppe, J. and Nicolai, H.",
    title = "{On the Quantum Mechanics of Supermembranes}",
    reportNumber = "THU-88-15, KA-THEP-6/88",
    doi = "10.1016/0550-3213(88)90116-2",
    journal = "Nucl. Phys. B",
    volume = "305",
    pages = "545",
    year = "1988"
}

@article{Itzhaki:1998dd,
    author = "Itzhaki, Nissan and Maldacena, Juan Martin and Sonnenschein, Jacob and Yankielowicz, Shimon",
    title = "{Supergravity and the large N limit of theories with sixteen supercharges}",
    eprint = "hep-th/9802042",
    archivePrefix = "arXiv",
    reportNumber = "TAUP-2474-98, HUTP-98-A003",
    doi = "10.1103/PhysRevD.58.046004",
    journal = "Phys. Rev. D",
    volume = "58",
    pages = "046004",
    year = "1998"
}

@article{Douglas:1996yp,
    author = "Douglas, Michael R. and Kabat, Daniel N. and Pouliot, Philippe and Shenker, Stephen H.",
    title = "{D-branes and short distances in string theory}",
    eprint = "hep-th/9608024",
    archivePrefix = "arXiv",
    reportNumber = "RU-96-62",
    doi = "10.1016/S0550-3213(96)00619-0",
    journal = "Nucl. Phys. B",
    volume = "485",
    pages = "85--127",
    year = "1997"
}

@article{Chowdhury:2015gbk,
    author = "Chowdhury, Abhishek and Garavuso, Richard S. and Mondal, Swapnamay and Sen, Ashoke",
    title = "{Do All BPS Black Hole Microstates Carry Zero Angular Momentum?}",
    eprint = "1511.06978",
    archivePrefix = "arXiv",
    primaryClass = "hep-th",
    doi = "10.1007/JHEP04(2016)082",
    journal = "JHEP",
    volume = "04",
    pages = "082",
    year = "2016"
}


@article{Paban:1998ea,
    author = "Paban, Sonia and Sethi, Savdeep and Stern, Mark",
    title = "{Constraints from extended supersymmetry in quantum mechanics}",
    eprint = "hep-th/9805018",
    archivePrefix = "arXiv",
    reportNumber = "DUK-CGTP-98-02, IASSNS-HEP-98-33",
    doi = "10.1016/S0550-3213(98)00518-5",
    journal = "Nucl. Phys. B",
    volume = "534",
    pages = "137--154",
    year = "1998"
}

@article{Kabat:1997sa,
    author = "Kabat, Daniel N. and Taylor, Washington",
    title = "{Linearized supergravity from matrix theory}",
    eprint = "hep-th/9712185",
    archivePrefix = "arXiv",
    reportNumber = "IASSNS-HEP-97-141, PUPT-1751",
    doi = "10.1016/S0370-2693(98)00281-0",
    journal = "Phys. Lett. B",
    volume = "426",
    pages = "297--305",
    year = "1998"
}


@article{Bilal:1997fy,
    author = "Bilal, Adel",
    editor = "Derendinger, J. P. and Lucchesi, C.",
    title = "{M(atrix) theory : A Pedagogical introduction}",
    eprint = "hep-th/9710136",
    archivePrefix = "arXiv",
    reportNumber = "LPTENS-97-43",
    doi = "10.1002/(SICI)1521-3978(199901)47:1/3<5::AID-PROP5>3.0.CO;2-B",
    journal = "Fortsch. Phys.",
    volume = "47",
    pages = "5--28",
    year = "1999"
}

@article{Berkowitz:2016znt,
    author = "Berkowitz, Evan and Hanada, Masanori and Maltz, Jonathan",
    title = "{Chaos in Matrix Models and Black Hole Evaporation}",
    eprint = "1602.01473",
    archivePrefix = "arXiv",
    primaryClass = "hep-th",
    reportNumber = "UCB-PTH-16-01, SU-ITP-16-02, LLNL-JRNL-681857, UCB-PTH-16/01, SU-ITP-16/02, YITP-16-5",
    doi = "10.1103/PhysRevD.94.126009",
    journal = "Phys. Rev. D",
    volume = "94",
    number = "12",
    pages = "126009",
    year = "2016"
}

@article{Bergner:2021goh,
    author = {Bergner, Georg and Bodendorfer, Norbert and Hanada, Masanori and Pateloudis, Stratos and Rinaldi, Enrico and Sch\"afer, Andreas and Vranas, Pavlos and Watanabe, Hiromasa},
    collaboration = "MCSMC",
    title = "{Confinement/deconfinement transition in the D0-brane matrix model -- A signature of M-theory?}",
    eprint = "2110.01312",
    archivePrefix = "arXiv",
    primaryClass = "hep-th",
    reportNumber = "LLNL-JRNL-824792, RIKEN-iTHEMS-Report-21, UTHEP-759, DMUS-MP-21/13",
    doi = "10.1007/JHEP05(2022)096",
    journal = "JHEP",
    volume = "05",
    pages = "096",
    year = "2022"
}

@article{Hanada:2012eg,
    author = "Hanada, Masanori",
    editor = "Leinweber, Derek and Kamleh, Waseem and Mahbub, Selim and Matevosyan, Hrayr and Thomas, Anthony and Williams, Anthony G. and Young, Ross and Zanotti, James",
    title = "{Monte Carlo approach to the string/M-theory}",
    eprint = "1212.2814",
    archivePrefix = "arXiv",
    primaryClass = "hep-lat",
    doi = "10.22323/1.164.0019",
    journal = "PoS",
    volume = "LATTICE2012",
    pages = "019",
    year = "2012"
}

@article{Gur-Ari:2015rcq,
    author = "Gur-Ari, Guy and Hanada, Masanori and Shenker, Stephen H.",
    title = "{Chaos in Classical D0-Brane Mechanics}",
    eprint = "1512.00019",
    archivePrefix = "arXiv",
    primaryClass = "hep-th",
    doi = "10.1007/JHEP02(2016)091",
    journal = "JHEP",
    volume = "02",
    pages = "091",
    year = "2016"
}



@book{Livan_2018,
	doi = {10.1007/978-3-319-70885-0},
  
	url = {https://doi.org/10.1007%2F978-3-319-70885-0},
  
	year = 2018,
	publisher = {Springer International Publishing},
  
	author = {Giacomo Livan and Marcel Novaes and Pierpaolo Vivo},
  
	title = {Introduction to Random Matrices}
}

@article{Cotler:2016fpe,
    author = "Cotler, Jordan S. and Gur-Ari, Guy and Hanada, Masanori and Polchinski, Joseph and Saad, Phil and Shenker, Stephen H. and Stanford, Douglas and Streicher, Alexandre and Tezuka, Masaki",
    title = "{Black Holes and Random Matrices}",
    eprint = "1611.04650",
    archivePrefix = "arXiv",
    primaryClass = "hep-th",
    reportNumber = "SU-ITP-16-19, SU-ITP-16/19, YITP-16-124",
    doi = "10.1007/JHEP05(2017)118",
    journal = "JHEP",
    volume = "05",
    pages = "118",
    year = "2017",
    note = "[Erratum: JHEP 09, 002 (2018)]"
}


@inproceedings{Polchinski:1996na,
    author = "Polchinski, Joseph",
    title = "{Tasi lectures on D-branes}",
    booktitle = "{Theoretical Advanced Study Institute in Elementary Particle Physics (TASI 96): Fields, Strings, and Duality}",
    eprint = "hep-th/9611050",
    archivePrefix = "arXiv",
    reportNumber = "NSF-ITP-96-145",
    pages = "293--356",
    month = "11",
    year = "1996"
}

@article{Taylor:2001vb,
    author = "Taylor, Washington",
    title = "{M(atrix) Theory: Matrix Quantum Mechanics as a Fundamental Theory}",
    eprint = "hep-th/0101126",
    archivePrefix = "arXiv",
    doi = "10.1103/RevModPhys.73.419",
    journal = "Rev. Mod. Phys.",
    volume = "73",
    pages = "419--462",
    year = "2001"
}

@article{Ydri:2017ncg,
    author = "Ydri, Badis",
    title = "{Review of M(atrix)-Theory, Type IIB Matrix Model and Matrix String Theory}",
    eprint = "1708.00734",
    archivePrefix = "arXiv",
    primaryClass = "hep-th",
    month = "8",
    year = "2017"
}

@article{Horowitz:1996nw,
    author = "Horowitz, Gary T. and Polchinski, Joseph",
    title = "{A Correspondence principle for black holes and strings}",
    eprint = "hep-th/9612146",
    archivePrefix = "arXiv",
    reportNumber = "NSF-ITP-96-144",
    doi = "10.1103/PhysRevD.55.6189",
    journal = "Phys. Rev. D",
    volume = "55",
    pages = "6189--6197",
    year = "1997"
}

@article{Susskind:1993ws,
    author = "Susskind, Leonard",
    editor = "Teitelboim, C. and Zanelli, J.",
    title = "{Some speculations about black hole entropy in string theory}",
    eprint = "hep-th/9309145",
    archivePrefix = "arXiv",
    reportNumber = "RU-93-44",
    pages = "118--131",
    month = "10",
    year = "1993"
}

@article{Almheiri_2020,
	author = {Almheiri, Ahmed and Mahajan, Raghu and Maldacena, Juan and Zhao, Ying},
	doi = {10.1007/jhep03(2020)149},
	issn = {1029-8479},
	journal = {Journal of High Energy Physics},
	month = "3",
	number = {3},
	publisher = {Springer Science and Business Media LLC},
	title = {The Page curve of Hawking radiation from semiclassical geometry},
	url = {http://dx.doi.org/10.1007/JHEP03(2020)149},
	volume = {2020},
	year = {2020},
	Bdsk-Url-1 = {http://dx.doi.org/10.1007/JHEP03(2020)149},
	Bdsk-Url-2 = {http://dx.doi.org/10.1007/jhep03(2020)149}}

@article{Gautason:2020tmk,
	archiveprefix = {arXiv},
	author = {Gautason, Fridhrik Freyr and Schneiderbauer, Lukas and Sybesma, Watse and Thorlacius, L\'arus},
	doi = {10.1007/JHEP05(2020)091},
	eprint = {2004.00598},
	journal = {JHEP},
	pages = {091},
	primaryclass = {hep-th},
	title = {{Page Curve for an Evaporating Black Hole}},
	volume = {05},
	year = {2020},
	Bdsk-Url-1 = {https://doi.org/10.1007/JHEP05(2020)091}}

@article{Cadoni:2021ypx,
    author = "Cadoni, Mariano and Sanna, Andrea Pierfrancesco",
    title = "{Unitarity and Page Curve for Evaporation of 2D AdS Black Holes}",
    eprint = "2106.14738",
    archivePrefix = "arXiv",
    primaryClass = "hep-th",
    doi = "10.3390/e24010101",
    month = "6",
    year = "2021"
}

@misc{Pinaki,
	author = {Pinaki Banerjee},
	howpublished = {\url{https://www.imsc.res.in/~pinakib/AdS-CFT_ST4.pdf}},
	note = {[Online]},
	title = {{Some basics of AdS/CFT}},
	year = {2017}}

@article{doi:10.1137/0916010,
author = {McLachlan, Robert I.},
title = {On the Numerical Integration of Ordinary Differential Equations by Symmetric Composition Methods},
journal = {SIAM Journal on Scientific Computing},
volume = {16},
number = {1},
pages = {151-168},
year = {1995},
doi = {10.1137/0916010},

URL = { 
    
        https://doi.org/10.1137/0916010
    
    

},
eprint = { 
    
        https://doi.org/10.1137/0916010
    
    

}
,
    abstract = { Differential equations of the form \$\dot x = X = A + B\$ are considered, where the vector fields A and B can be integrated exactly, enabling numerical integration of X by composition of the flows of A and B. Various symmetric compositions are investigated for order, complexity, and reversibility. Free Lie algebra theory gives simple formulae for the number of determining equations for a method to have a particular order. A new, more accurate way of applying the methods thus obtained to compositions of an arbitrary first-order integrator is described and tested. The determining equations are explored, and new methods up to 100 times more accurate (at constant work) than those previously known are given. }
}

@book{schälingboost,
  title={The Boost C++ Libraries},
  author={Sch{\"a}ling, B.},
  url={https://books.google.fr/books?id=2jUVBQAAQBAJ},
  publisher={Boris Sch{\"a}ling}
}

@ARTICLE{1999math......4042T,
       author = {{Tracy}, Craig A. and {Widom}, Harold},
        title = "{On the Distributions of the Lengths of the Longest Monotone Subsequences in Random Words}",
      journal = {arXiv Mathematics e-prints},
     keywords = {Mathematics - Combinatorics, Mathematics - Probability, Nonlinear Sciences - Exactly Solvable and Integrable Systems, 05A15, 47B35, 60C05, 82B23},
         year = 1999,
        month = apr,
          eid = {math/9904042},
        pages = {math/9904042},
          doi = {10.48550/arXiv.math/9904042},
archivePrefix = {arXiv},
       eprint = {math/9904042},
 primaryClass = {math.CO},
       adsurl = {https://ui.adsabs.harvard.edu/abs/1999math......4042T},
      adsnote = {Provided by the SAO/NASA Astrophysics Data System}
}